\\paper regarding funding correleation to student acheivement
@article{greenwald1996effect,
  title={The effect of school resources on student achievement},
  author={Greenwald, Rob and Hedges, Larry V and Laine, Richard D},
  journal={Review of educational research},
  volume={66},
  number={3},
  pages={361--396},
  year={1996},
  publisher={Sage Publications}
}
//Quantitative analysis in sports
@article{barrow2013ranking,
  title={Ranking rankings: an empirical comparison of the predictive power of sports ranking methods},
  author={Barrow, Daniel and Drayer, Ian and Elliott, Peter and Gaut, Garren and Osting, Braxton},
  journal={Journal of Quantitative Analysis in Sports},
  volume={9},
  number={2},
  pages={187--202},
  year={2013}
}
//financial data file
@book{desrochers2010trends,
  title={Trends in College Spending 1998-2008: Where Does the Money Come From? Where Does it Go? What Does it Buy?},
  author={Desrochers, Donna M},
  year={2010},
  publisher={Delta Cost Project}
}
//I think this is the missing data imputation page, not exactly sure
@book{gelman2006data,
  title={Data analysis using regression and multilevel/hierarchical models},
  author={Gelman, Andrew and Hill, Jennifer},
  year={2006},
  publisher={Cambridge University Press}
}
